@article {fm12,
author = {Frieze, A. and Melsted, P.}, 
title = {Maximum matchings in random bipartite graphs and the space utilization of Cuckoo Hash tables},
journal = {Random Structures \& Algorithms},
volume = {41},
number = {3},
pages = {334--364},
year = {2012},
}

@article{hopcroft1973n,
  title={An n\^{}5/2 algorithm for maximum matchings in bipartite graphs},
  author={Hopcroft, John E and Karp, Richard M},
  journal={SIAM Journal on computing},
  volume={2},
  number={4},
  pages={225--231},
  year={1973},
  publisher={SIAM}
}

@article{zubiaga2013harnessing,
  title={Harnessing folksonomies to produce a social classification of resources},
  author={Zubiaga, Arkaitz and Fresno, Victor and Martinez, Raquel and Garcia-Plaza, Alberto Perez},
  journal={IEEE transactions on knowledge and data engineering},
  volume={25},
  number={8},
  pages={1801--1813},
  year={2013},
  publisher={IEEE}
}

@article {fp12,
author = {Fountoulakis, N. and Panagiotou, K.},
title = {Sharp load thresholds for cuckoo hashing},
journal = {Random Structures \& Algorithms},
volume = {41},
number = {3},
pages = {306--333},
year = {2012},
}
@incollection{inc:fpss03,
 author               = {Fotakis, D. and Pagh, R. and Sanders, P. and Spirakis, P.},
 booktitle            = {S{TACS} '03},
 pages                = {271--282},
 series               = {Lecture Notes in Computer Science},
 title                = {Space efficient Hash tables with worst case constant access time},
 volume               = {2607},
 year                 = {2003},
 }
 @inproceedings{inp:pr01,
 author               = {Pagh, R. and Rodler, F. F.},
 booktitle            = {E{SA} '01},
 isbn                 = {3-540-42493-8},
 pages                = {121--133},
 title                = {Cuckoo Hashing},
 year                 = {2001},
 }
@article{art:fps10,
  author    = {N.~Fountoulakis and
               K.~Panagiotou and
               A.~Steger},
  title     = {On the Insertion Time of Cuckoo Hashing},
  journal   = {CoRR},
  volume    = {abs/1006.1231},
  year      = {2010},
  ee        = {http://arxiv.org/abs/1006.1231},
  bibsource = {DBLP, http://dblp.uni-trier.de}
}
@article{art:fmm11,
author = {Frieze, A. and Melsted, P. and Mitzenmacher, M.},
title = {An Analysis of Random-Walk Cuckoo Hashing},
journal = {SIAM Journal on Computing},
volume = {40},
number = {2},
pages = {291-308},
year = {2011},
}
@inproceedings{inp:l12,
 author = {Lelarge, M.},
 title = {A new approach to the orientation of random hypergraphs},
 booktitle = {Proceedings of the Twenty-Third Annual ACM-SIAM Symposium on Discrete Algorithms},
 series = {SODA '12},
 year = {2012},
 pages = {251--264},
 numpages = {14},
} 
@book{bookC:09,
 author = {Cormen, T. H. and Leiserson, C. E. and Rivest, R. L. and Stein, C.},
 title = {Introduction to Algorithms},
 year = {2009},
 isbn = {0262033844, 9780262033848},
 edition = {3rd},
 publisher = {The MIT Press},
} 
@inproceedings{ms:08,
 author = {Mitzenmacher, M. and Vadhan, S.},
 title = {Why simple hash functions work: exploiting the entropy in a data stream},
 booktitle = {Proceedings of the nineteenth annual ACM-SIAM symposium on Discrete algorithms},
 series = {SODA '08},
 year = {2008},
 pages = {746--755},
} 
@inproceedings{d:09,
 author = {Dietzfelbinger, M. and Schellbach, U.},
 title = {On risks of using cuckoo hashing with simple universal hash classes},
 booktitle = {Proceedings of the twentieth Annual ACM-SIAM Symposium on Discrete Algorithms},
 series = {SODA '09},
 year = {2009},
 pages = {795--804},
 }

@article{gnu,
  title={GNU Scientific Library Reference Manual},
  author={Galassi, M. and Davies, J. and Theiler, J. and Gough, B. and Jungman, G. and Booth, M. and Rossi, F.},
  journal={URL:http://www. gnu. org/software/gsl},
  year={2003}
}
 }
 
 @article{art:abku99,
author = {Azar, Y. and Broder, A. and Karlin, A. and Upfal, E.},
title = {Balanced Allocations},
journal = {SIAM Journal on Computing},
volume = {29},
number = {1},
pages = {180-200},
year = {1999},

}
@inproceedings{inp:ans:09,
 author = {Arbitman, Y. and Naor, M. and Segev, G.},
 title = {De-amortized Cuckoo Hashing: Provable Worst-Case Performance and Experimental Results},
 booktitle = {Proceedings of the 36th International Colloquium on Automata, Languages and Programming: Part I},
 series = {ICALP '09},
 year = {2009},
 pages = {107--118},

} 
@inproceedings{1283432,
 author               = {Fernholz, D. and Ramachandran, V.},
 booktitle            = {Proceedings of the 18th annual ACM-SIAM symposium on Discrete algorithms (SODA 2007)},

 pages                = {459--468},
 title                = {The k-orientability thresholds for ${G}_{n,p}$},
 year                 = {2007},
 }

@inproceedings{1283433,
 author               = {Cain, J. A. and Sanders, P. and Wormald, N.},
 booktitle            = {Proceedings of the 18th annual ACM-SIAM symposium on Discrete algorithms (SODA 2007)},

 pages                = {469--476},
 title                = {The random graph threshold for k-orientiability and a fast algorithm for optimal multiple-choice allocation},
 year                 = {2007},
 }
 

@article{art:kmw09,
 author = {Kirsch, A. and Mitzenmacher, M. and Wieder, U.},
 title = {More Robust Hashing: Cuckoo Hashing with a Stash},
 journal = {SIAM J. Comput.},
 issue_date = {September 2009},
 volume = {39},
 number = {4},
 month = dec,
 year = {2009},
 pages = {1543--1561},
} 